%YAML 1.1
%TAG !u! tag:unity3d.com,2011:
--- !u!243 &-4068342611798216787
AudioMixerGroupController:
  m_ObjectHideFlags: 0
  m_CorrespondingSourceObject: {fileID: 0}
  m_PrefabInstance: {fileID: 0}
  m_PrefabAsset: {fileID: 0}
  m_Name: BGM
  m_AudioMixer: {fileID: 24100000}
  m_GroupID: 6483f2a39d7f38d49938f537ad5821c3
  m_Children: []
  m_Volume: 1cbd769db24017e459e30cbbe931d3f0
  m_Pitch: 26a4ebaf3081cea429a4b60e7940e917
  m_Send: 00000000000000000000000000000000
  m_Effects:
  - {fileID: 2836817597677993213}
  m_UserColorIndex: 0
  m_Mute: 0
  m_Solo: 0
  m_BypassEffects: 0
--- !u!241 &24100000
AudioMixerController:
  m_ObjectHideFlags: 0
  m_CorrespondingSourceObject: {fileID: 0}
  m_PrefabInstance: {fileID: 0}
  m_PrefabAsset: {fileID: 0}
  m_Name: mixer1
  m_OutputGroup: {fileID: 0}
  m_MasterGroup: {fileID: 24300002}
  m_Snapshots:
  - {fileID: 24500006}
  m_StartSnapshot: {fileID: 24500006}
  m_SuspendThreshold: -80
  m_EnableSuspend: 1
  m_UpdateMode: 0
  m_ExposedParameters: []
  m_AudioMixerGroupViews:
  - guids:
    - b6af3b86aade1da4985e0595dc1a0ae6
    - 6483f2a39d7f38d49938f537ad5821c3
    name: View
  m_CurrentViewIndex: 0
  m_TargetSnapshot: {fileID: 24500006}
--- !u!243 &24300002
AudioMixerGroupController:
  m_ObjectHideFlags: 0
  m_CorrespondingSourceObject: {fileID: 0}
  m_PrefabInstance: {fileID: 0}
  m_PrefabAsset: {fileID: 0}
  m_Name: Master
  m_AudioMixer: {fileID: 24100000}
  m_GroupID: b6af3b86aade1da4985e0595dc1a0ae6
  m_Children:
  - {fileID: -4068342611798216787}
  m_Volume: e8f17810700b50945811e745a43898f0
  m_Pitch: 230b2aeabf51ec94597a6414b36ebb1a
  m_Send: 00000000000000000000000000000000
  m_Effects:
  - {fileID: 24400004}
  m_UserColorIndex: 0
  m_Mute: 0
  m_Solo: 0
  m_BypassEffects: 0
--- !u!244 &24400004
AudioMixerEffectController:
  m_ObjectHideFlags: 3
  m_CorrespondingSourceObject: {fileID: 0}
  m_PrefabInstance: {fileID: 0}
  m_PrefabAsset: {fileID: 0}
  m_Name: 
  m_EffectID: cbf2f4eaefc0b1d458891083e7818287
  m_EffectName: Attenuation
  m_MixLevel: be77c8d54fcb4a848b94d47c71330805
  m_Parameters: []
  m_SendTarget: {fileID: 0}
  m_EnableWetMix: 0
  m_Bypass: 0
--- !u!245 &24500006
AudioMixerSnapshotController:
  m_ObjectHideFlags: 0
  m_CorrespondingSourceObject: {fileID: 0}
  m_PrefabInstance: {fileID: 0}
  m_PrefabAsset: {fileID: 0}
  m_Name: Snapshot
  m_AudioMixer: {fileID: 24100000}
  m_SnapshotID: fe17f2f57113bec4bb89e0f26a3f40f5
  m_FloatValues:
    1cbd769db24017e459e30cbbe931d3f0: -3.184112
  m_TransitionOverrides: {}
--- !u!244 &2836817597677993213
AudioMixerEffectController:
  m_ObjectHideFlags: 3
  m_CorrespondingSourceObject: {fileID: 0}
  m_PrefabInstance: {fileID: 0}
  m_PrefabAsset: {fileID: 0}
  m_Name: 
  m_EffectID: 081569c56b4f1884c8790a68c0bbe5de
  m_EffectName: Attenuation
  m_MixLevel: 66aa0a64a8cb72f4fb315feb2e416d49
  m_Parameters: []
  m_SendTarget: {fileID: 0}
  m_EnableWetMix: 0
  m_Bypass: 0
