%YAML 1.1
%TAG !u! tag:unity3d.com,2011:
--- !u!1 &7147321448981687227
GameObject:
  m_ObjectHideFlags: 0
  m_CorrespondingSourceObject: {fileID: 0}
  m_PrefabInstance: {fileID: 0}
  m_PrefabAsset: {fileID: 0}
  serializedVersion: 6
  m_Component:
  - component: {fileID: 7147321448981687205}
  - component: {fileID: 7147321448981687226}
  - component: {fileID: 7147321448981687204}
  - component: {fileID: 7147321448981687207}
  - component: {fileID: 370048349}
  - component: {fileID: 6368200039229436923}
  m_Layer: 0
  m_Name: GameManager
  m_TagString: GameManager
  m_Icon: {fileID: 0}
  m_NavMeshLayer: 0
  m_StaticEditorFlags: 0
  m_IsActive: 1
--- !u!4 &7147321448981687205
Transform:
  m_ObjectHideFlags: 0
  m_CorrespondingSourceObject: {fileID: 0}
  m_PrefabInstance: {fileID: 0}
  m_PrefabAsset: {fileID: 0}
  m_GameObject: {fileID: 7147321448981687227}
  m_LocalRotation: {x: 0, y: 0, z: 0, w: 1}
  m_LocalPosition: {x: 0.8518941, y: -0.6863175, z: -1.2760301}
  m_LocalScale: {x: 1, y: 1, z: 1}
  m_Children:
  - {fileID: 1727350240128533234}
  m_Father: {fileID: 0}
  m_RootOrder: 0
  m_LocalEulerAnglesHint: {x: 0, y: 0, z: 0}
--- !u!114 &7147321448981687226
MonoBehaviour:
  m_ObjectHideFlags: 0
  m_CorrespondingSourceObject: {fileID: 0}
  m_PrefabInstance: {fileID: 0}
  m_PrefabAsset: {fileID: 0}
  m_GameObject: {fileID: 7147321448981687227}
  m_Enabled: 1
  m_EditorHideFlags: 0
  m_Script: {fileID: 11500000, guid: 4dfad200c8782a3449dfd49ea310c909, type: 3}
  m_Name: 
  m_EditorClassIdentifier: 
  TargetFrameRate: 300
  MaximumLives: 0
  CurrentLives: 0
  GameOverScene: 
  Points: 0
  PauseGameWhenInventoryOpens: 1
  Health: 30
  LV: 0
  position: {x: 0, y: 0, z: 0}
  itemRemmember: 0000000000000000000000000000000000000000000000000000000000000000
  Status: 000000000000000000000000
--- !u!114 &7147321448981687204
MonoBehaviour:
  m_ObjectHideFlags: 0
  m_CorrespondingSourceObject: {fileID: 0}
  m_PrefabInstance: {fileID: 0}
  m_PrefabAsset: {fileID: 0}
  m_GameObject: {fileID: 7147321448981687227}
  m_Enabled: 1
  m_EditorHideFlags: 0
  m_Script: {fileID: 11500000, guid: f2469a25eeb063946afbcc14d696be08, type: 3}
  m_Name: 
  m_EditorClassIdentifier: 
  LvHp: 0
  LvDash: 0
  LvSpeed: 0
  MaxHpperLv: 20
  DashCDperLv: 0.3
  SpeedperLv: 2
  UpHp: {fileID: 1727350239881239512}
  UpDash: {fileID: 1727350240391054770}
  UpSpeed: {fileID: 1727350239745081944}
  stackHp:
  - {fileID: 7147321447427310357}
  - {fileID: 7147321447775190004}
  - {fileID: 7147321448218248698}
  stackDash:
  - {fileID: 7147321447652581671}
  - {fileID: 7147321447661260900}
  - {fileID: 7147321449054797978}
  stackSpeed:
  - {fileID: 7147321448351114806}
  - {fileID: 7147321447444638309}
  - {fileID: 7147321448670950063}
--- !u!114 &7147321448981687207
MonoBehaviour:
  m_ObjectHideFlags: 0
  m_CorrespondingSourceObject: {fileID: 0}
  m_PrefabInstance: {fileID: 0}
  m_PrefabAsset: {fileID: 0}
  m_GameObject: {fileID: 7147321448981687227}
  m_Enabled: 1
  m_EditorHideFlags: 0
  m_Script: {fileID: 11500000, guid: 76cd144231b479941b806670df6f9752, type: 3}
  m_Name: 
  m_EditorClassIdentifier: 
  canvas: {fileID: 1727350240128533235}
  pickup: {fileID: 0}
--- !u!114 &370048349
MonoBehaviour:
  m_ObjectHideFlags: 0
  m_CorrespondingSourceObject: {fileID: 0}
  m_PrefabInstance: {fileID: 0}
  m_PrefabAsset: {fileID: 0}
  m_GameObject: {fileID: 7147321448981687227}
  m_Enabled: 1
  m_EditorHideFlags: 0
  m_Script: {fileID: 11500000, guid: 476d93d8ab57ded4788d3dfec3d66aa3, type: 3}
  m_Name: 
  m_EditorClassIdentifier: 
  level: 0
  health: 0
  Playerposition: {x: 0, y: 0, z: 0}
  player: {fileID: 0}
--- !u!114 &6368200039229436923
MonoBehaviour:
  m_ObjectHideFlags: 0
  m_CorrespondingSourceObject: {fileID: 0}
  m_PrefabInstance: {fileID: 0}
  m_PrefabAsset: {fileID: 0}
  m_GameObject: {fileID: 7147321448981687227}
  m_Enabled: 1
  m_EditorHideFlags: 0
  m_Script: {fileID: 11500000, guid: 8f7de9ef06f04864391a928af29f4b46, type: 3}
  m_Name: 
  m_EditorClassIdentifier: 
  NormalTimescale: 1
  CurrentTimeScale: 1
  TargetTimeScale: 1
  LerpTimescale: 1
  LerpSpeed: 0
  TestButton: 0
--- !u!1001 &7147321448622684978
PrefabInstance:
  m_ObjectHideFlags: 0
  serializedVersion: 2
  m_Modification:
    m_TransformParent: {fileID: 7147321448981687205}
    m_Modifications:
    - target: {fileID: 8415157430561717888, guid: 670ec5d4f3d362b4f9581593af0301e2,
        type: 3}
      propertyPath: m_OnClick.m_PersistentCalls.m_Calls.Array.data[0].m_Target
      value: 
      objectReference: {fileID: 7147321448981687207}
    - target: {fileID: 8415157430561717889, guid: 670ec5d4f3d362b4f9581593af0301e2,
        type: 3}
      propertyPath: m_AnchorMin.y
      value: 0
      objectReference: {fileID: 0}
    - target: {fileID: 8415157430561717889, guid: 670ec5d4f3d362b4f9581593af0301e2,
        type: 3}
      propertyPath: m_AnchorMax.y
      value: 0
      objectReference: {fileID: 0}
    - target: {fileID: 8415157430561717889, guid: 670ec5d4f3d362b4f9581593af0301e2,
        type: 3}
      propertyPath: m_AnchoredPosition.x
      value: 0
      objectReference: {fileID: 0}
    - target: {fileID: 8415157430561717889, guid: 670ec5d4f3d362b4f9581593af0301e2,
        type: 3}
      propertyPath: m_AnchoredPosition.y
      value: 0
      objectReference: {fileID: 0}
    - target: {fileID: 8415157430561717889, guid: 670ec5d4f3d362b4f9581593af0301e2,
        type: 3}
      propertyPath: m_SizeDelta.x
      value: 0
      objectReference: {fileID: 0}
    - target: {fileID: 8415157430561717889, guid: 670ec5d4f3d362b4f9581593af0301e2,
        type: 3}
      propertyPath: m_SizeDelta.y
      value: 0
      objectReference: {fileID: 0}
    - target: {fileID: 8415157432185118954, guid: 670ec5d4f3d362b4f9581593af0301e2,
        type: 3}
      propertyPath: m_OnClick.m_PersistentCalls.m_Calls.Array.data[0].m_Target
      value: 
      objectReference: {fileID: 7147321448981687207}
    - target: {fileID: 8415157432185118955, guid: 670ec5d4f3d362b4f9581593af0301e2,
        type: 3}
      propertyPath: m_AnchorMin.y
      value: 0
      objectReference: {fileID: 0}
    - target: {fileID: 8415157432185118955, guid: 670ec5d4f3d362b4f9581593af0301e2,
        type: 3}
      propertyPath: m_AnchorMax.y
      value: 0
      objectReference: {fileID: 0}
    - target: {fileID: 8415157432185118955, guid: 670ec5d4f3d362b4f9581593af0301e2,
        type: 3}
      propertyPath: m_AnchoredPosition.x
      value: 0
      objectReference: {fileID: 0}
    - target: {fileID: 8415157432185118955, guid: 670ec5d4f3d362b4f9581593af0301e2,
        type: 3}
      propertyPath: m_AnchoredPosition.y
      value: 0
      objectReference: {fileID: 0}
    - target: {fileID: 8415157432185118955, guid: 670ec5d4f3d362b4f9581593af0301e2,
        type: 3}
      propertyPath: m_SizeDelta.x
      value: 0
      objectReference: {fileID: 0}
    - target: {fileID: 8415157432185118955, guid: 670ec5d4f3d362b4f9581593af0301e2,
        type: 3}
      propertyPath: m_SizeDelta.y
      value: 0
      objectReference: {fileID: 0}
    - target: {fileID: 8415157432314919274, guid: 670ec5d4f3d362b4f9581593af0301e2,
        type: 3}
      propertyPath: m_OnClick.m_PersistentCalls.m_Calls.Array.data[0].m_Target
      value: 
      objectReference: {fileID: 7147321448981687207}
    - target: {fileID: 8415157432314919275, guid: 670ec5d4f3d362b4f9581593af0301e2,
        type: 3}
      propertyPath: m_AnchorMin.y
      value: 0
      objectReference: {fileID: 0}
    - target: {fileID: 8415157432314919275, guid: 670ec5d4f3d362b4f9581593af0301e2,
        type: 3}
      propertyPath: m_AnchorMax.y
      value: 0
      objectReference: {fileID: 0}
    - target: {fileID: 8415157432314919275, guid: 670ec5d4f3d362b4f9581593af0301e2,
        type: 3}
      propertyPath: m_AnchoredPosition.x
      value: 0
      objectReference: {fileID: 0}
    - target: {fileID: 8415157432314919275, guid: 670ec5d4f3d362b4f9581593af0301e2,
        type: 3}
      propertyPath: m_AnchoredPosition.y
      value: 0
      objectReference: {fileID: 0}
    - target: {fileID: 8415157432314919275, guid: 670ec5d4f3d362b4f9581593af0301e2,
        type: 3}
      propertyPath: m_SizeDelta.x
      value: 0
      objectReference: {fileID: 0}
    - target: {fileID: 8415157432314919275, guid: 670ec5d4f3d362b4f9581593af0301e2,
        type: 3}
      propertyPath: m_SizeDelta.y
      value: 0
      objectReference: {fileID: 0}
    - target: {fileID: 8415157432432687552, guid: 670ec5d4f3d362b4f9581593af0301e2,
        type: 3}
      propertyPath: m_LocalPosition.x
      value: 0
      objectReference: {fileID: 0}
    - target: {fileID: 8415157432432687552, guid: 670ec5d4f3d362b4f9581593af0301e2,
        type: 3}
      propertyPath: m_LocalPosition.y
      value: 0
      objectReference: {fileID: 0}
    - target: {fileID: 8415157432432687552, guid: 670ec5d4f3d362b4f9581593af0301e2,
        type: 3}
      propertyPath: m_LocalPosition.z
      value: 0
      objectReference: {fileID: 0}
    - target: {fileID: 8415157432432687552, guid: 670ec5d4f3d362b4f9581593af0301e2,
        type: 3}
      propertyPath: m_LocalRotation.x
      value: 0
      objectReference: {fileID: 0}
    - target: {fileID: 8415157432432687552, guid: 670ec5d4f3d362b4f9581593af0301e2,
        type: 3}
      propertyPath: m_LocalRotation.y
      value: 0
      objectReference: {fileID: 0}
    - target: {fileID: 8415157432432687552, guid: 670ec5d4f3d362b4f9581593af0301e2,
        type: 3}
      propertyPath: m_LocalRotation.z
      value: 0
      objectReference: {fileID: 0}
    - target: {fileID: 8415157432432687552, guid: 670ec5d4f3d362b4f9581593af0301e2,
        type: 3}
      propertyPath: m_LocalRotation.w
      value: 1
      objectReference: {fileID: 0}
    - target: {fileID: 8415157432432687552, guid: 670ec5d4f3d362b4f9581593af0301e2,
        type: 3}
      propertyPath: m_RootOrder
      value: 0
      objectReference: {fileID: 0}
    - target: {fileID: 8415157432432687552, guid: 670ec5d4f3d362b4f9581593af0301e2,
        type: 3}
      propertyPath: m_LocalEulerAnglesHint.x
      value: 0
      objectReference: {fileID: 0}
    - target: {fileID: 8415157432432687552, guid: 670ec5d4f3d362b4f9581593af0301e2,
        type: 3}
      propertyPath: m_LocalEulerAnglesHint.y
      value: 0
      objectReference: {fileID: 0}
    - target: {fileID: 8415157432432687552, guid: 670ec5d4f3d362b4f9581593af0301e2,
        type: 3}
      propertyPath: m_LocalEulerAnglesHint.z
      value: 0
      objectReference: {fileID: 0}
    - target: {fileID: 8415157432432687552, guid: 670ec5d4f3d362b4f9581593af0301e2,
        type: 3}
      propertyPath: m_AnchoredPosition.x
      value: 0
      objectReference: {fileID: 0}
    - target: {fileID: 8415157432432687552, guid: 670ec5d4f3d362b4f9581593af0301e2,
        type: 3}
      propertyPath: m_AnchoredPosition.y
      value: 0
      objectReference: {fileID: 0}
    - target: {fileID: 8415157432432687552, guid: 670ec5d4f3d362b4f9581593af0301e2,
        type: 3}
      propertyPath: m_SizeDelta.x
      value: 0
      objectReference: {fileID: 0}
    - target: {fileID: 8415157432432687552, guid: 670ec5d4f3d362b4f9581593af0301e2,
        type: 3}
      propertyPath: m_SizeDelta.y
      value: 0
      objectReference: {fileID: 0}
    - target: {fileID: 8415157432432687552, guid: 670ec5d4f3d362b4f9581593af0301e2,
        type: 3}
      propertyPath: m_AnchorMin.x
      value: 0
      objectReference: {fileID: 0}
    - target: {fileID: 8415157432432687552, guid: 670ec5d4f3d362b4f9581593af0301e2,
        type: 3}
      propertyPath: m_AnchorMin.y
      value: 0
      objectReference: {fileID: 0}
    - target: {fileID: 8415157432432687552, guid: 670ec5d4f3d362b4f9581593af0301e2,
        type: 3}
      propertyPath: m_AnchorMax.x
      value: 0
      objectReference: {fileID: 0}
    - target: {fileID: 8415157432432687552, guid: 670ec5d4f3d362b4f9581593af0301e2,
        type: 3}
      propertyPath: m_AnchorMax.y
      value: 0
      objectReference: {fileID: 0}
    - target: {fileID: 8415157432432687552, guid: 670ec5d4f3d362b4f9581593af0301e2,
        type: 3}
      propertyPath: m_Pivot.x
      value: 0
      objectReference: {fileID: 0}
    - target: {fileID: 8415157432432687552, guid: 670ec5d4f3d362b4f9581593af0301e2,
        type: 3}
      propertyPath: m_Pivot.y
      value: 0
      objectReference: {fileID: 0}
    - target: {fileID: 8415157432432687553, guid: 670ec5d4f3d362b4f9581593af0301e2,
        type: 3}
      propertyPath: m_Enabled
      value: 0
      objectReference: {fileID: 0}
    - target: {fileID: 8415157432432687564, guid: 670ec5d4f3d362b4f9581593af0301e2,
        type: 3}
      propertyPath: m_Name
      value: PowerUpUI
      objectReference: {fileID: 0}
    m_RemovedComponents: []
  m_SourcePrefab: {fileID: 100100000, guid: 670ec5d4f3d362b4f9581593af0301e2, type: 3}
--- !u!224 &1727350240128533234 stripped
RectTransform:
  m_CorrespondingSourceObject: {fileID: 8415157432432687552, guid: 670ec5d4f3d362b4f9581593af0301e2,
    type: 3}
  m_PrefabInstance: {fileID: 7147321448622684978}
  m_PrefabAsset: {fileID: 0}
--- !u!223 &1727350240128533235 stripped
Canvas:
  m_CorrespondingSourceObject: {fileID: 8415157432432687553, guid: 670ec5d4f3d362b4f9581593af0301e2,
    type: 3}
  m_PrefabInstance: {fileID: 7147321448622684978}
  m_PrefabAsset: {fileID: 0}
--- !u!114 &1727350239881239512 stripped
MonoBehaviour:
  m_CorrespondingSourceObject: {fileID: 8415157432185118954, guid: 670ec5d4f3d362b4f9581593af0301e2,
    type: 3}
  m_PrefabInstance: {fileID: 7147321448622684978}
  m_PrefabAsset: {fileID: 0}
  m_GameObject: {fileID: 0}
  m_Enabled: 1
  m_EditorHideFlags: 0
  m_Script: {fileID: 11500000, guid: 4e29b1a8efbd4b44bb3f3716e73f07ff, type: 3}
  m_Name: 
  m_EditorClassIdentifier: 
--- !u!114 &1727350240391054770 stripped
MonoBehaviour:
  m_CorrespondingSourceObject: {fileID: 8415157430561717888, guid: 670ec5d4f3d362b4f9581593af0301e2,
    type: 3}
  m_PrefabInstance: {fileID: 7147321448622684978}
  m_PrefabAsset: {fileID: 0}
  m_GameObject: {fileID: 0}
  m_Enabled: 1
  m_EditorHideFlags: 0
  m_Script: {fileID: 11500000, guid: 4e29b1a8efbd4b44bb3f3716e73f07ff, type: 3}
  m_Name: 
  m_EditorClassIdentifier: 
--- !u!114 &1727350239745081944 stripped
MonoBehaviour:
  m_CorrespondingSourceObject: {fileID: 8415157432314919274, guid: 670ec5d4f3d362b4f9581593af0301e2,
    type: 3}
  m_PrefabInstance: {fileID: 7147321448622684978}
  m_PrefabAsset: {fileID: 0}
  m_GameObject: {fileID: 0}
  m_Enabled: 1
  m_EditorHideFlags: 0
  m_Script: {fileID: 11500000, guid: 4e29b1a8efbd4b44bb3f3716e73f07ff, type: 3}
  m_Name: 
  m_EditorClassIdentifier: 
--- !u!114 &7147321447427310357 stripped
MonoBehaviour:
  m_CorrespondingSourceObject: {fileID: 1237383207, guid: 670ec5d4f3d362b4f9581593af0301e2,
    type: 3}
  m_PrefabInstance: {fileID: 7147321448622684978}
  m_PrefabAsset: {fileID: 0}
  m_GameObject: {fileID: 0}
  m_Enabled: 1
  m_EditorHideFlags: 0
  m_Script: {fileID: 11500000, guid: fe87c0e1cc204ed48ad3b37840f39efc, type: 3}
  m_Name: 
  m_EditorClassIdentifier: 
--- !u!114 &7147321447775190004 stripped
MonoBehaviour:
  m_CorrespondingSourceObject: {fileID: 1585758406, guid: 670ec5d4f3d362b4f9581593af0301e2,
    type: 3}
  m_PrefabInstance: {fileID: 7147321448622684978}
  m_PrefabAsset: {fileID: 0}
  m_GameObject: {fileID: 0}
  m_Enabled: 1
  m_EditorHideFlags: 0
  m_Script: {fileID: 11500000, guid: fe87c0e1cc204ed48ad3b37840f39efc, type: 3}
  m_Name: 
  m_EditorClassIdentifier: 
--- !u!114 &7147321448218248698 stripped
MonoBehaviour:
  m_CorrespondingSourceObject: {fileID: 2017148616, guid: 670ec5d4f3d362b4f9581593af0301e2,
    type: 3}
  m_PrefabInstance: {fileID: 7147321448622684978}
  m_PrefabAsset: {fileID: 0}
  m_GameObject: {fileID: 0}
  m_Enabled: 1
  m_EditorHideFlags: 0
  m_Script: {fileID: 11500000, guid: fe87c0e1cc204ed48ad3b37840f39efc, type: 3}
  m_Name: 
  m_EditorClassIdentifier: 
--- !u!114 &7147321447652581671 stripped
MonoBehaviour:
  m_CorrespondingSourceObject: {fileID: 1181981205, guid: 670ec5d4f3d362b4f9581593af0301e2,
    type: 3}
  m_PrefabInstance: {fileID: 7147321448622684978}
  m_PrefabAsset: {fileID: 0}
  m_GameObject: {fileID: 0}
  m_Enabled: 1
  m_EditorHideFlags: 0
  m_Script: {fileID: 11500000, guid: fe87c0e1cc204ed48ad3b37840f39efc, type: 3}
  m_Name: 
  m_EditorClassIdentifier: 
--- !u!114 &7147321447661260900 stripped
MonoBehaviour:
  m_CorrespondingSourceObject: {fileID: 1204693846, guid: 670ec5d4f3d362b4f9581593af0301e2,
    type: 3}
  m_PrefabInstance: {fileID: 7147321448622684978}
  m_PrefabAsset: {fileID: 0}
  m_GameObject: {fileID: 0}
  m_Enabled: 1
  m_EditorHideFlags: 0
  m_Script: {fileID: 11500000, guid: fe87c0e1cc204ed48ad3b37840f39efc, type: 3}
  m_Name: 
  m_EditorClassIdentifier: 
--- !u!114 &7147321449054797978 stripped
MonoBehaviour:
  m_CorrespondingSourceObject: {fileID: 719223720, guid: 670ec5d4f3d362b4f9581593af0301e2,
    type: 3}
  m_PrefabInstance: {fileID: 7147321448622684978}
  m_PrefabAsset: {fileID: 0}
  m_GameObject: {fileID: 0}
  m_Enabled: 1
  m_EditorHideFlags: 0
  m_Script: {fileID: 11500000, guid: fe87c0e1cc204ed48ad3b37840f39efc, type: 3}
  m_Name: 
  m_EditorClassIdentifier: 
--- !u!114 &7147321448351114806 stripped
MonoBehaviour:
  m_CorrespondingSourceObject: {fileID: 1892736260, guid: 670ec5d4f3d362b4f9581593af0301e2,
    type: 3}
  m_PrefabInstance: {fileID: 7147321448622684978}
  m_PrefabAsset: {fileID: 0}
  m_GameObject: {fileID: 0}
  m_Enabled: 1
  m_EditorHideFlags: 0
  m_Script: {fileID: 11500000, guid: fe87c0e1cc204ed48ad3b37840f39efc, type: 3}
  m_Name: 
  m_EditorClassIdentifier: 
--- !u!114 &7147321447444638309 stripped
MonoBehaviour:
  m_CorrespondingSourceObject: {fileID: 1255706967, guid: 670ec5d4f3d362b4f9581593af0301e2,
    type: 3}
  m_PrefabInstance: {fileID: 7147321448622684978}
  m_PrefabAsset: {fileID: 0}
  m_GameObject: {fileID: 0}
  m_Enabled: 1
  m_EditorHideFlags: 0
  m_Script: {fileID: 11500000, guid: fe87c0e1cc204ed48ad3b37840f39efc, type: 3}
  m_Name: 
  m_EditorClassIdentifier: 
--- !u!114 &7147321448670950063 stripped
MonoBehaviour:
  m_CorrespondingSourceObject: {fileID: 52464029, guid: 670ec5d4f3d362b4f9581593af0301e2,
    type: 3}
  m_PrefabInstance: {fileID: 7147321448622684978}
  m_PrefabAsset: {fileID: 0}
  m_GameObject: {fileID: 0}
  m_Enabled: 1
  m_EditorHideFlags: 0
  m_Script: {fileID: 11500000, guid: fe87c0e1cc204ed48ad3b37840f39efc, type: 3}
  m_Name: 
  m_EditorClassIdentifier: 
